<?xml version='1.0' encoding='UTF-8'?>
<record xmlns="http://www.loc.gov/MARC21/slim">
  <leader>01133cam a2200277 a 4500</leader>
  <controlfield tag="001">2749562</controlfield>
  <controlfield tag="003">NjP</controlfield>
  <controlfield tag="005">20171010171749.0</controlfield>
  <controlfield tag="008">831129s1954    ua       b    000 0 arar </controlfield>
  <datafield tag="024" ind1="7" ind2=" ">
    <subfield code="a">princeton_aco002497</subfield>
    <subfield code="2">local</subfield>
  </datafield>
  <datafield ind1=" " ind2=" " tag="010">
    <subfield code="a">   83968342 /NE </subfield>
  </datafield>
  <datafield ind1=" " ind2=" " tag="035">
    <subfield code="a">(OCoLC)ocm14242223</subfield>
  </datafield>
  <datafield ind1=" " ind2=" " tag="035">
    <subfield code="9">CNE1442TS</subfield>
  </datafield>
  <datafield ind1=" " ind2=" " tag="040">
    <subfield code="a">DLC</subfield>
    <subfield code="c">DLC</subfield>
    <subfield code="d">PUL</subfield>
  </datafield>
  <datafield ind1=" " ind2=" " tag="043">
    <subfield code="a">f-ua---</subfield>
  </datafield>
  <datafield ind1="0" ind2=" " tag="050">
    <subfield code="a">LAW</subfield>
  </datafield>
  <datafield ind1="1" ind2=" " tag="100">
    <subfield code="a">Tādrus, Tādrus Mikhāʾīl.</subfield>
  </datafield>
  <datafield ind1="1" ind2="3" tag="245">
    <subfield code="a">al-Qānūn al-muqāran fī al-aḥwāl al-shakhṣīyah lil-ajānib fī Miṣr :</subfield>
    <subfield code="b">maʻa sharḥ qawāʻid al-murāfaʻāt al-khāṣṣah bi-hā /</subfield>
    <subfield code="c">waḍaʻahu Tādrus Mīkhāʾīl Tādrus.</subfield>
  </datafield>
  <datafield ind1=" " ind2=" " tag="250">
    <subfield code="a">al-Ṭabʻah 1.</subfield>
  </datafield>
  <datafield ind1=" " ind2=" " tag="260">
    <subfield code="a">[Alexandria, Egypt :</subfield>
    <subfield code="b">s.n.],</subfield>
    <subfield code="c">1954</subfield>
    <subfield code="e">(al-Iskandarīyah :</subfield>
    <subfield code="f">Maṭābiʻ Ramsīs)</subfield>
  </datafield>
  <datafield ind1=" " ind2=" " tag="300">
    <subfield code="a">271 p. ;</subfield>
    <subfield code="c">27 cm.</subfield>
  </datafield>
  <datafield ind1=" " ind2=" " tag="504">
    <subfield code="a">Includes bibliographical references.</subfield>
  </datafield>
  <datafield ind1=" " ind2="0" tag="650">
    <subfield code="a">Aliens</subfield>
    <subfield code="z">Egypt.</subfield>
    <subfield code="0">http://id.loc.gov/authorities/subjects/sh2009114698</subfield>
  </datafield>
  <datafield ind1=" " ind2="0" tag="650">
    <subfield code="a">Conflict of laws</subfield>
    <subfield code="x">Persons</subfield>
    <subfield code="z">Egypt.</subfield>
  </datafield>
  <datafield ind1=" " ind2="0" tag="650">
    <subfield code="a">Aliens.</subfield>
    <subfield code="0">http://id.loc.gov/authorities/subjects/sh85003545</subfield>
  </datafield>
  <datafield ind1=" " ind2=" " tag="945">
    <subfield code="a">F</subfield>
    <subfield code="b">1</subfield>
    <subfield code="c">2276.24.374</subfield>
  </datafield>
  <datafield ind1=" " ind2=" " tag="911">
    <subfield code="a">20000130</subfield>
  </datafield>
  <datafield ind1="0" ind2="0" tag="852">
    <subfield code="0">3060272</subfield>
    <subfield code="b">nec</subfield>
    <subfield code="t">1</subfield>
    <subfield code="h">KRM485.P47</subfield>
    <subfield code="i">T33 1954</subfield>
  </datafield>
  <datafield ind1=" " ind2=" " tag="959">
    <subfield code="a">2009-07-02 12:41:19 -0500</subfield>
  </datafield>
</record>
